@book{degroot2012probability,
  title     = {Probability and Statistics},
  author    = {DeGroot, M.H. and Schervish, M.J.},
  isbn      = {9780321500465},
  lccn      = {2010001486},
  url       = {https://books.google.com/books?id=4TlEPgAACAAJ},
  year      = {2012},
  publisher = {Addison-Wesley}
}
@book{berger1985statistical,
  title     = {Statistical Decision Theory and Bayesian Analysis},
  author    = {Berger, J.O.},
  isbn      = {9780387960982},
  lccn      = {93175464},
  series    = {Springer Series in Statistics},
  url       = {https://books.google.com/books?id=oY\_x7dE15\_AC},
  year      = {1985},
  publisher = {Springer}
}
@book{casella2002statistical,
  title     = {Statistical Inference},
  author    = {Casella, G. and Berger, R.L.},
  isbn      = {9780534243128},
  lccn      = {20010257},
  series    = {Duxbury advanced series in statistics and decision sciences},
  url       = {https://books.google.com/books?id=0x\_vAAAAMAAJ},
  year      = {2002},
  publisher = {Thomson Learning}
}
@book{wasserman2004all,
  title     = {All of Statistics: A Concise Course in Statistical Inference},
  author    = {Wasserman, L.},
  isbn      = {9780387402727},
  lccn      = {2003062209},
  series    = {Springer Texts in Statistics},
  url       = {https://books.google.com/books?id=th3fbFI1DaMC},
  year      = {2004},
  publisher = {Springer}
}
